<record><leader>00000cas a2200000 a 4500</leader><controlfield tag="001">12279389</controlfield><controlfield tag="008">850718d186u18uualudr ne      0    0eng c</controlfield><datafield ind1=" " ind2=" " tag="010"><subfield code="a">sn 85044826 </subfield></datafield><datafield ind1=" " ind2=" " tag="040"><subfield code="a">ALM</subfield><subfield code="b">eng</subfield><subfield code="c">ALM</subfield><subfield code="d">CPN</subfield><subfield code="d">CUI</subfield><subfield code="d">OCLCQ</subfield><subfield code="d">OCLCF</subfield></datafield><datafield ind1="1" ind2=" " tag="029"><subfield code="a">AU@</subfield><subfield code="b">000025830591</subfield></datafield><datafield ind1=" " ind2=" " tag="042"><subfield code="a">pcc</subfield></datafield><datafield ind1=" " ind2=" " tag="043"><subfield code="a">n-us-al</subfield></datafield><datafield ind1=" " ind2="4" tag="050"><subfield code="a">AN</subfield></datafield><datafield ind1="0" ind2="0" tag="245"><subfield code="a">Mobile evening tribune.</subfield></datafield><datafield ind1="3" ind2="0" tag="246"><subfield code="a">Evening tribune</subfield></datafield><datafield ind1="1" ind2="7" tag="246"><subfield code="a">Mobile daily tribune</subfield></datafield><datafield ind1="1" ind2="7" tag="246"><subfield code="a">Daily tribune</subfield></datafield><datafield ind1=" " ind2=" " tag="260"><subfield code="a">Mobile, Ala. :</subfield><subfield code="b">H. Ballentyne</subfield></datafield><datafield ind1=" " ind2=" " tag="300"><subfield code="a">v.</subfield></datafield><datafield ind1=" " ind2=" " tag="310"><subfield code="a">Daily</subfield></datafield><datafield ind1=" " ind2=" " tag="500"><subfield code="a">Published as: Evening tribune, &lt;1868&gt;.</subfield></datafield><datafield ind1=" " ind2=" " tag="500"><subfield code="a">Editor: H. Ballentyne.</subfield></datafield><datafield ind1=" " ind2=" " tag="588"><subfield code="a">Description based on: Vol. 1, no. 107 (Dec. 4, 1865).</subfield></datafield><datafield ind1=" " ind2="0" tag="651"><subfield code="a">Mobile (Ala.)</subfield><subfield code="v">Newspapers.</subfield></datafield><datafield ind1=" " ind2="0" tag="651"><subfield code="a">Mobile County (Ala.)</subfield><subfield code="v">Newspapers.</subfield></datafield><datafield ind1=" " ind2="7" tag="655"><subfield code="a">Newspapers.</subfield><subfield code="2">fast</subfield><subfield code="0">(OCoLC)fst01423814</subfield></datafield><datafield ind1=" " ind2="7" tag="651"><subfield code="a">Alabama</subfield><subfield code="z">Mobile.</subfield><subfield code="2">fast</subfield><subfield code="0">(OCoLC)fst01206367</subfield></datafield><datafield ind1=" " ind2="7" tag="651"><subfield code="a">Alabama</subfield><subfield code="z">Mobile County.</subfield><subfield code="2">fast</subfield><subfield code="0">(OCoLC)fst01211225</subfield></datafield><datafield ind1=" " ind2=" " tag="752"><subfield code="a">United States</subfield><subfield code="b">Alabama</subfield><subfield code="c">Mobile</subfield><subfield code="d">Mobile.</subfield></datafield><datafield ind1="0" ind2=" " tag="775"><subfield code="t">Weekly tribune (Mobile, Ala)</subfield><subfield code="w">(DLC)sn 84023530</subfield><subfield code="w">(OCoLC)10895040</subfield></datafield><datafield ind1="0" ind2=" " tag="775"><subfield code="t">Mobile daily tribune (Mobile, Ala. : 1853)</subfield><subfield code="w">(DLC)sn 84021929</subfield><subfield code="w">(OCoLC)2684962</subfield></datafield><datafield ind1="0" ind2="0" tag="780"><subfield code="t">Mobile evening telegraph</subfield><subfield code="w">(DLC)sn 84020226</subfield><subfield code="w">(OCoLC)2666015</subfield></datafield></record>